<?xml version="1.0" encoding="UTF-8"?><collection xmlns="http://www.loc.gov/MARC21/slim"><record><leader>00392nam--2200133-i-4500</leader><controlfield tag="001">000039850</controlfield><controlfield tag="002">20161230</controlfield><controlfield tag="005">20161230201042</controlfield><controlfield tag="008">060222s1000------------r-----000-0-eng-d</controlfield><datafield ind1=" " ind2=" " tag="080"><subfield code="a">664</subfield></datafield><datafield ind1=" " ind2=" " tag="100"><subfield code="a">Rudt,Ulrich</subfield></datafield><datafield ind1=" " ind2=" " tag="245"><subfield code="a">Zur blei-und zinnaufnahame von fetten und fetthaltigen lebensmitteln in weissblechkonservendosen</subfield></datafield><datafield ind1=" " ind2=" " tag="260"><subfield code="a">Stuttgart, Technische Hochshule, 1967. 75 P</subfield></datafield><datafield ind1=" " ind2=" " tag="852"><subfield code="a">28279</subfield></datafield></record></collection>